<?xml version="1.0" encoding="UTF-8"?><collection xmlns="http://www.loc.gov/MARC21/slim"><record><leader>00373nam--2200145-i-4500</leader><controlfield tag="001">000046024</controlfield><controlfield tag="002">20161230</controlfield><controlfield tag="005">20161230201045</controlfield><controlfield tag="008">060222s1000------------r-----000-0-eng-d</controlfield><datafield ind1=" " ind2=" " tag="080"><subfield code="a">801.323.2+805.90+808.2</subfield></datafield><datafield ind1=" " ind2=" " tag="100"><subfield code="a">Vascenco,Victor</subfield></datafield><datafield ind1=" " ind2=" " tag="245"><subfield code="a">Dictionar de buzunar roman-rus</subfield></datafield><datafield ind1=" " ind2=" " tag="260"><subfield code="a">Bucuresti, Ed.St.,1968. 484 P</subfield></datafield><datafield ind1=" " ind2=" " tag="852"><subfield code="a">D.134</subfield></datafield><datafield ind1=" " ind2=" " tag="CAT"><subfield code="a">Sys</subfield><subfield code="c">20130301</subfield><subfield code="h">145422</subfield></datafield></record></collection>